<?xml version="1.0" encoding="UTF-8"?><collection xmlns="http://www.loc.gov/MARC21/slim"><record><leader>00350nam--2200133-i-4500</leader><controlfield tag="001">000039102</controlfield><controlfield tag="002">20161230</controlfield><controlfield tag="005">20161230201042</controlfield><controlfield tag="008">060222s1000------------r-----000-0-eng-d</controlfield><datafield ind1=" " ind2=" " tag="100"><subfield code="a">Riesz,Frigyes And Bela Sz-nagy</subfield></datafield><datafield ind1=" " ind2=" " tag="245"><subfield code="a">Functional analysis</subfield></datafield><datafield ind1=" " ind2=" " tag="260"><subfield code="a">London, Blackie, 1956. Xii + 468 P</subfield></datafield><datafield ind1=" " ind2=" " tag="852"><subfield code="a">12028</subfield><subfield code="c">517.5</subfield></datafield><datafield ind1=" " ind2=" " tag="CAT"><subfield code="a">Sys</subfield><subfield code="c">20080729</subfield><subfield code="h">131209</subfield></datafield></record></collection>